@book{latex-companion,
	title		= {The \LaTeX{} Companion},
	author		= {Frank Mittelbach and Michel Goossens and Johannes Braams and David Carlisle and Chris Rowley},
	publisher	= {Addison-Wesley},
	year		= {2004},
	isbn		= {0-201-36299-6},
	edition		= {2}
}

@online{fontcatalogue,
	title		= {The \LaTeX{} Font Catalogue},
	url			= {http://www.tug.dk/FontCatalogue/},
	urldate		= {2018-10-14},
	author		= {Palle JÃ¸rgensen},
}

@online{latexwiki,
	title			= {Wikibooks \LaTeX{} textbook},
	url				= {https://en.wikibooks.org/wiki/LaTeX},
	urldate			= {2018-10-14},
	organization	= {Wikibooks},
}

@online{ctan,
	title		= {The Comprehensive \TeX{} Archive Network},
	author		= {CTAN Team},
	url			= {https://ctan.org/},
	urldate		= {2018-11-17},
}

@online{texsx,
	title		= {\TeX{} -- \LaTeX{} Stack Exchange},
	url			= {https://tex.stackexchange.com/},
	urldate		= {2018-11-17},
}
